<?xml version="1.0" encoding="UTF-8"?>
<collection xmlns:xsi="http://www.w3.org/2001/XMLSchema-instance" xsi:schemaLocation="http://www.loc.gov/MARC21/slim http://www.loc.gov/standards/marcxml/schema/MARC21slim.xsd" xmlns="http://www.loc.gov/MARC21/slim">
<record>
  <leader>01066cam a2200253 a 4500</leader>
  <controlfield tag="001">3177733</controlfield>
  <controlfield tag="003">NNC</controlfield>
  <controlfield tag="005">20151117185856.0</controlfield>
  <controlfield tag="008">841103s1905    ua            000 0 arard</controlfield>
  <datafield tag="035" ind1=" " ind2=" ">
    <subfield code="a">(OCoLC)ocm11343420</subfield>
  </datafield>
  <datafield tag="035" ind1=" " ind2=" ">
    <subfield code="9">AUC0370CU</subfield>
  </datafield>
  <datafield tag="035" ind1=" " ind2=" ">
    <subfield code="a">(NNC)3177733</subfield>
  </datafield>
  <datafield tag="040" ind1=" " ind2=" ">
    <subfield code="a">IUL</subfield>
    <subfield code="c">IUL</subfield>
    <subfield code="d">ZCU</subfield>
  </datafield>
  <datafield tag="099" ind1=" " ind2=" ">
    <subfield code="a">893.7195</subfield>
    <subfield code="a">T125</subfield>
  </datafield>
  <datafield tag="100" ind1="1" ind2=" ">
    <subfield code="a">Ḥafīd al-Taftāzānī, Aḥmad ibn Yaḥyá,</subfield>
    <subfield code="d">-1510.</subfield>
  </datafield>
  <datafield tag="240" ind1="1" ind2="0">
    <subfield code="a">Durr al-naḍīd min majmūʻat al-Hafīd</subfield>
  </datafield>
  <datafield tag="245" ind1="1" ind2="0">
    <subfield code="a">Kitāb al-Durr al-naḍīd min majmūʻat al-Ḥafīd :</subfield>
    <subfield code="b">al-mushtamil ʻalá al-masāʼil al-muhimmah min 14 ʻilman /</subfield>
    <subfield code="c">taʼlīf Aḥmad ibn Yaḥyá ibn Muḥammad al-Ḥafīd al-Harawī ; wa-ʻalayhā ḥawāmish / li-Muḥammad Badr al-Dīn Abī al-Firās al-Naʻsānī al-Ḥalabī.</subfield>
  </datafield>
  <datafield tag="250" ind1=" " ind2=" ">
    <subfield code="a">al-Ṭabʻah 1.</subfield>
  </datafield>
  <datafield tag="260" ind1=" " ind2=" ">
    <subfield code="a">Miṣr :</subfield>
    <subfield code="b">Maṭbaʻat al-Taqaddum,</subfield>
    <subfield code="c">1322 (i.e., 1323) [1905].</subfield>
  </datafield>
  <datafield tag="300" ind1=" " ind2=" ">
    <subfield code="a">321, 21 p. ;</subfield>
    <subfield code="c">25 cm.</subfield>
  </datafield>
  <datafield tag="650" ind1=" " ind2="0">
    <subfield code="a">Islamic philosophy.</subfield>
  </datafield>
  <datafield tag="650" ind1=" " ind2="0">
    <subfield code="a">Classification of sciences.</subfield>
  </datafield>
  <datafield tag="700" ind1="1" ind2=" ">
    <subfield code="a">Naʻsānī, Muḥammad Badr al-Dīn.</subfield>
  </datafield>
  <datafield tag="955" ind1=" " ind2=" ">
    <subfield code="b">CU07841370</subfield>
    <subfield code="d">off,glx</subfield>
    <subfield code="e">893.7195 T125</subfield>
  </datafield>
</record>
</collection>